@inproceedings{VLO,
  added-at = {2019-08-19T00:00:00.000+0200},
  author = {{van Uytvanck}, Dieter and Zinn, Claus and Broeder, Daan and Wittenburg, Peter and Gardellini, Mariano},
  biburl = {https://www.bibsonomy.org/bibtex/293ecd591165f30d6984c1ecdc8d1339a/dblp},
  booktitle = {LREC},
  editor = {Calzolari, Nicoletta and Choukri, Khalid and Maegaard, Bente and Mariani, Joseph and Odijk, Jan and Piperidis, Stelios and Rosner, Mike and Tapias, Daniel},
  ee = {http://www.lrec-conf.org/proceedings/lrec2010/summaries/273.html},
  interhash = {563845211effb1c0dad97eaca365a6aa},
  intrahash = {93ecd591165f30d6984c1ecdc8d1339a},
  isbn = {2-9517408-6-7},
  keywords = {dblp},
  publisher = {European Language Resources Association},
  timestamp = {2019-08-20T12:07:24.000+0200},
  title = {Virtual Language Observatory: The Portal to the Language Resources and Technology Universe.},
  url = {http://dblp.uni-trier.de/db/conf/lrec/lrec2010.html#UytvanckZBWG10},
  year = 2010
}

@inproceedings{FAIR,
  title={Four simple recommendations to encourage best practices in research software},
  author={Rafael C. Jim{\'e}nez and Mateusz Kuzak and Monther Alhamdoosh and Michelle Barker and B{\'e}r{\'e}nice Batut and Mikael Borg and Salvador Capella-Guti{\'e}rrez and Neil P. Chue Hong and Martin Cook and Manuel Corpas and Madison Flannery and Leyla J. Garc{\'i}a and Josep Ll Gelpi and Simon L. Gladman and Carole A. Goble and Montserrat Gonz{\'a}lez Ferreiro and Alejandra N. Gonz{\'a}lez-Beltr{\'a}n and Pip Griffin and Bj{\"o}rn Andreas Gr{\"u}ning and Jonas Hagberg and Petr Holub and Rob W. W. Hooft and Jon C. Ison and Daniel S. Katz and Brane Leskosek and Federico L{\'o}pez G{\'o}mez and Luis J. Oliveira and David Thomas Mellor and Rowland Mosbergen and Nicola J. Mulder and Yasset P{\'e}rez-Riverol and Robert Pergl and Horst Pichler and Bernard J. Pope and Ferran Sanz and Maria Victoria Schneider and Victoria Stodden and Radosław Suchecki and Radka Svobodov{\'a} Vařekov{\'a} and Harry-Anton Talvik and Ilian T. Todorov and Andrew E. Treloar and Sonika Tyagi and Maarten van Gompel and Daniel Vaughan and Allegra Via and Xiaochuan Wang and Nathan S. Watson-Haigh and Steve Crouch},
  year={2018},
  url={https://api.semanticscholar.org/CorpusID:214915242}
}

@article{TADIRAH,
  added-at = {2020-08-12T00:00:00.000+0200},
  author = {Borek, Luise and Dombrowski, Quinn and Perkins, Jody and Schöch, Christof},
  biburl = {https://www.bibsonomy.org/bibtex/29d32a3849c5bf6da31e4dbf5a362010f/dblp},
  ee = {http://www.digitalhumanities.org/dhq/vol/10/1/000235/000235.html},
  interhash = {1d7e682b9e1373ec5d49f96001774aae},
  intrahash = {9d32a3849c5bf6da31e4dbf5a362010f},
  journal = {Digit. Humanit. Q.},
  keywords = {dblp},
  number = 1,
  timestamp = {2020-08-13T11:54:11.000+0200},
  title = {TaDiRAH: a Case Study in Pragmatic Classification.},
  url = {http://dblp.uni-trier.de/db/journals/dhq/dhq10.html#BorekDPS16},
  volume = 10,
  year = 2016
}

@article{SOMEF,
    author = {Kelley, Aidan and Garijo, Daniel},
    title = "{A Framework for Creating Knowledge Graphs of Scientific Software Metadata}",
    journal = {Quantitative Science Studies},
    pages = {1-37},
    year = {2021},
    month = {11},
    issn = {2641-3337},
    doi = {10.1162/qss_a_00167},
    url = {https://doi.org/10.1162/qss_a_00167},
    eprint = {https://direct.mit.edu/qss/article-pdf/doi/10.1162/qss\_a\_00167/1971225/qss\_a\_00167.pdf},
}

@INPROCEEDINGS{SOMEF19,
    author={A. {Mao} and D. {Garijo} and S. {Fakhraei}},
    booktitle={2019 IEEE International Conference on Big Data (Big Data)},
    title="{SoMEF: A Framework for Capturing Scientific Software Metadata from its Documentation}",
    year={2019},
    doi={10.1109/BigData47090.2019.9006447},
    url={http://dgarijo.com/papers/SoMEF.pdf},
    pages={3032-3037}
}

@software{CODEMETAPY,
    doi = {10.5281/zenodo.11656553},
    author = {{van Gompel}, Maarten},
    title = "{codemetapy}",
    year = {2024},
    version = {2.5.3},
    publisher = {Zenodo}
}

@software{CODEMETAHARVESTER,
    doi = {10.5281/zenodo.11472618},
    author = {{van Gompel}, Maarten and {de Boer}, David and Broeder, Jens},
    title = "{codemeta-harvester}",
    year = {2024},
    version = {0.4.0},
    publisher = {Zenodo}
}

@software{CODEMETASERVER,
    doi = {10.5281/zenodo.10204020},
    author = {{van Gompel}, Maarten},
    title = "{codemeta-server}",
    year = {2023},
    version = {0.4.1},
    publisher = {Zenodo}
}


@software{RSD,
  doi = {10.5281/ZENODO.14243099},
  url = {https://zenodo.org/doi/10.5281/zenodo.14243099},
  author = {Cahen, Ewan Jacov and Mijatovic, Dusan and Garcia Gonzalez, Jesus and Maassen, Jason and Jong, Maaike and Meeßen, Christian and Rüster, Matthias and Hanisch, Marc and Ziegner, Norman},
  keywords = {Research Software, Software Citation, FAIR Sofware, Software Impact, Software Reuse},
  title = "{Research Software Directory (as a service)}",
  publisher = {Zenodo},
  year = {2024},
  copyright = {Apache License 2.0}
}

@electronic{RSD2,
    author = {Spaaks, Jurriaan},
    year = {2018},
    title = {The {R}esearch {S}oftware {D}irectory and how it promotes software citation},
    url = {https://blog.esciencecenter.nl/the-research-software-directory-and-how-it-promotes-software-citation-4bd2137a6b8},
    note = {Accessed: 2025-01}
}


@electronic{RFC2119,
  abstract = {{This document specifies an Internet Best Current Practices for the Internet Community, and requests discussion and suggestions for improvements.In many standards track documents several words are used to signify the requirements in the specification.  These words are often capitalized.  This document defines these words as they should be interpreted in IETF documents.  Authors who follow these guidelines should incorporate this phrase near the beginning of their document: The key words "MUST", "MUST NOT", "REQUIRED", "SHALL", "SHALL NOT", "SHOULD", "SHOULD NOT", "RECOMMENDED",  "MAY", and "OPTIONAL" in this document are to be interpreted as described in RFC 2119.}},
  added-at = {2019-03-11T21:00:05.000+0100},
  author = {Bradner, S.},
  biburl = {https://www.bibsonomy.org/bibtex/234e370fc7a8fd21ea1a8f6c5d169d665/fairybasslet},
  booktitle = {RFC 2119 (Best Current Practice)},
  citeulike-article-id = {10094540},
  citeulike-linkout-0 = {http://www.ietf.org/rfc/rfc2119.txt},
  interhash = {630f9247a807f0708050f4fb3624c772},
  intrahash = {34e370fc7a8fd21ea1a8f6c5d169d665},
  keywords = {ietf key-words oclcml requirement-levels rfc},
  posted-at = {2011-12-05 10:11:09},
  priority = {2},
  publisher = {Internet Engineering Task Force (IETF)},
  timestamp = {2019-03-11T21:06:37.000+0100},
  title = {{IETF RFC 2119: Key words for use in RFCs to Indicate Requirement Levels}},
  url = {http://www.ietf.org/rfc/rfc2119.txt},
  year = 1997
}

@article{windhouwer2022component,
  title={Component metadata infrastructure},
  author={Windhouwer, Menzo and Goosen, Twan},
  journal={Clarin: The infrastructure for language resources},
  pages={191--222},
  year={2022}
}